<?xml version="1.0" encoding="UTF-8"?><record xmlns="http://www.loc.gov/MARC21/slim" xmlns:cinclude="http://apache.org/cocoon/include/1.0" xmlns:zs="http://www.loc.gov/zing/srw/">
  <leader>00392nz  a2200121n  4500</leader>
  <controlfield tag="001">n  87812616 </controlfield>
  <controlfield tag="003">DLC</controlfield>
  <controlfield tag="005">19870305094123.4</controlfield>
  <controlfield tag="008">870305n| acannaab|          |n and |||  </controlfield>
  <datafield tag="010" ind1=" " ind2=" ">
    <subfield code="a">n  87812616 </subfield>
  </datafield>
  <datafield tag="040" ind1=" " ind2=" ">
    <subfield code="a">DLC</subfield>
    <subfield code="c">DLC</subfield>
  </datafield>
  <datafield tag="110" ind1="2" ind2="0">
    <subfield code="a">Lockport Woman's Club (Ill.)</subfield>
  </datafield>
  <datafield tag="670" ind1=" " ind2=" ">
    <subfield code="a">nuc87-16597: Lockport, 1983 printing</subfield>
    <subfield code="b">(hdg. on WHi rept.: Lockport Woman's Club (Lockport, Ill.); usage: Lockport Woman's Club)</subfield>
  </datafield>
</record>